@article{rozental2014,
  author = "Rozental, A. \& Carlbring, P.",
  journal = "Psychology",
  year = 2014,
  title = "Understanding and Treating Procrastination: A Review of a Common Self-Regulatory Failure",
  doi = {10.4236/psych.2014.513160},
  url = {http://dx.doi.org/10.4236/psych.2014.513160}
}
